@Article{prusa03,
  author = {J.M. Prusa and P.K. Smolarkiewicz},
  title = {An all-scale anelastic model for geophysical flows: dynamic
     grid deformation},
  journal = {JOURNAL OF COMPUTATIONAL PHYSICS},
  volume = {190},
  pages = {601--622},
  year = {2003},
  entrydate = {2003/10/22},
  abstract = {},
}

@Article{chao03,
  author = {S.Y. Chao and P.T. Shaw},
  title = {Heton shedding from submarine-canyon plumes in an {Arctic}
     boundary current system: {Sensitivity} to the undercurrent},
  journal = {JOURNAL OF PHYSICAL OCEANOGRAPHY},
  volume = {33},
  pages = {2032--2044},
  year = {2003},
  entrydate = {2003/10/22},
  abstract = {},
}

@Article{gross03,
  author = {R.S. Gross and I. Fukumori and D. Menemenlis},
  title = {Atmospheric and oceanic excitation of the {Earth's} wobbles
     during 1980-2000},
  journal = {JOURNAL OF GEOPHYSICAL RESEARCH-SOLID EARTH},
  volume = {108},
  pages = {},
  year = {2003},
  entrydate = {2003/10/22},
  abstract = {},
}

@Article{stenstrom03,
  author = {P. Stenstrom},
  title = {Mixing and recirculation in two-layer exchange flows},
  journal = {JOURNAL OF GEOPHYSICAL RESEARCH-OCEANS},
  volume = {108},
  pages = {},
  year = {2003},
  entrydate = {2003/10/22},
  abstract = {},
}

@Article{spall03,
  author = {M.A. Spall and R.S. Pickart},
  title = {Wind-driven recirculations and exchange in the {Labrador} and
     {Irminger} Seas},
  journal = {JOURNAL OF PHYSICAL OCEANOGRAPHY},
  volume = {33},
  pages = {1829--1845},
  year = {2003},
  entrydate = {2003/10/22},
  abstract = {},
}

@Article{chao03,
  author = {S.Y. Chao and P.T. Shaw},
  title = {A numerical study of dense water outflows and halocline
     anticyclones in an arctic baroclinic slope current},
  journal = {JOURNAL OF GEOPHYSICAL RESEARCH-OCEANS},
  volume = {108},
  pages = {},
  year = {2003},
  entrydate = {2003/10/22},
  abstract = {},
}

@Article{ferron03,
  author = {B. Ferron and J. Marotzke},
  title = {Impact of {4D-variational} assimilation of {WOCE} hydrography
     on the meridional circulation of the {Indian} Ocean},
  journal = {DEEP-SEA RESEARCH PART II-TOPICAL STUDIES IN OCEANOGRAPHY},
  volume = {50},
  pages = {2005--2021},
  year = {2003},
  entrydate = {2003/10/22},
  abstract = {},
}

@Article{mckinley03,
  author = {G.A. McKinley and M.J. Follows and J. Marshall and S.M. Fan},
  title = {Interannual variability of air-sea {O-2} fluxes and the
     determination of {CO2} sinks using atmospheric O-2/N-2},
  journal = {GEOPHYSICAL RESEARCH LETTERS},
  volume = {30},
  pages = {},
  year = {2003},
  entrydate = {2003/10/22},
  abstract = {},
}

@Article{huang03,
  author = {B.Y. Huang and P.H. Stone and A.P. Sokolov and I.V.
     Kamenkovich},
  title = {The deep-ocean heat uptake in transient climate change},
  journal = {JOURNAL OF CLIMATE},
  volume = {16},
  pages = {1352--1363},
  year = {2003},
  entrydate = {2003/10/22},
  abstract = {},
}

@Article{de03,
  author = {G. de Coetlogon and C. Frankignoul},
  title = {The persistence of winter sea surface temperature in the
     {North} Atlantic},
  journal = {JOURNAL OF CLIMATE},
  volume = {16},
  pages = {1364--1377},
  year = {2003},
  entrydate = {2003/10/22},
  abstract = {},
}

@Article{nisancioglu03,
  author = {K.H. Nisancioglu and M.E. Raymo and P.H. Stone},
  title = {Reorganization of {Miocene} deep water circulation in response
     to the shoaling of the {Central} {American} Seaway},
  journal = {PALEOCEANOGRAPHY},
  volume = {18},
  pages = {},
  year = {2003},
  entrydate = {2003/10/22},
  abstract = {},
}

@Article{radko03,
  author = {T. Radko and J. Marshall},
  title = {Equilibration of a {Warm} {Pumped} {Lens} on a beta plane},
  journal = {JOURNAL OF PHYSICAL OCEANOGRAPHY},
  volume = {33},
  pages = {885--899},
  year = {2003},
  entrydate = {2003/10/22},
  abstract = {},
}

@Article{stipa02,
  author = {T. Stipa},
  title = {The dynamics of the {N/P} ratio and stratification in a large
     nitrogen-limited estuary as a result of upwelling: a tendency for
     offshore {Nodularia} blooms},
  journal = {HYDROBIOLOGIA},
  volume = {487},
  pages = {219--227},
  year = {2002},
  entrydate = {2003/10/22},
  abstract = {},
}

@Article{stammer03,
  author = {D. Stammer and C. Wunsch and R. Giering and C. Eckert and P.
     Heimbach and J. Marotzke and A. Adcroft and C.N. Hill and J. Marshall},
  title = {Volume, heat, and freshwater transports of the global ocean
     circulation 1993-2000, estimated from a general circulation model
     constrained by {World} {Ocean} {Circulation} {Experiment} {(WOCE)}
     data},
  journal = {JOURNAL OF GEOPHYSICAL RESEARCH-OCEANS},
  volume = {108},
  pages = {},
  year = {2003},
  entrydate = {2003/10/22},
  abstract = {},
}

@Article{heimbach02,
  author = {P. Heimbach and C. Hill and R. Giering},
  title = {Automatic generation of efficient adjoint code for a parallel
     {Navier-Stokes} solver},
  journal = {COMPUTATIONAL SCIENCE-ICCS 2002, PT II, PROCEEDINGS},
  volume = {2330},
  pages = {1019--1028},
  year = {2002},
  entrydate = {2003/10/22},
  abstract = {},
}

@Article{stammer02,
  author = {D. Stammer and C. Wunsch and R. Giering and C. Eckert and P.
     Heimbach and J. Marotzke and A. Adcroft and C.N. Hill and J. Marshall},
  title = {Global ocean circulation during 1992-1997, estimated from
     ocean observations and a general circulation model},
  journal = {JOURNAL OF GEOPHYSICAL RESEARCH-OCEANS},
  volume = {107},
  pages = {},
  year = {2002},
  entrydate = {2003/10/22},
  abstract = {},
}

@Article{solovev02,
  author = {M. Solovev and P.H. Stone and P. Malanotte-Rizzoli},
  title = {Assessment of mesoscale eddy parameterizations for a
     single-basin coarse-resolution ocean model},
  journal = {JOURNAL OF GEOPHYSICAL RESEARCH-OCEANS},
  volume = {107},
  pages = {},
  year = {2002},
  entrydate = {2003/10/22},
  abstract = {},
}

@Article{chen03,
  author = {C.S. Chen and H.D. Liu and R.C. Beardsley},
  title = {An unstructured grid, finite-volume, three-dimensional,
     primitive equations ocean model: {Application} to coastal ocean and
     estuaries},
  journal = {JOURNAL OF ATMOSPHERIC AND OCEANIC TECHNOLOGY},
  volume = {20},
  pages = {159--186},
  year = {2003},
  entrydate = {2003/10/22},
  abstract = {},
}

@Article{herbaut02,
  author = {C. Herbaut and J. Sirven and S. Fevrier},
  title = {Response of a simplified oceanic general circulation model to
     idealized {NAO-like} stochastic forcing},
  journal = {JOURNAL OF PHYSICAL OCEANOGRAPHY},
  volume = {32},
  pages = {3182--3192},
  year = {2002},
  entrydate = {2003/10/22},
  abstract = {},
}

@Article{wunsch02,
  author = {C. Wunsch},
  title = {Oceanic age and transient tracers: {Analytical} and numerical
     solutions},
  journal = {JOURNAL OF GEOPHYSICAL RESEARCH-OCEANS},
  volume = {107},
  pages = {},
  year = {2002},
  entrydate = {2003/10/22},
  abstract = {},
}

@Article{chao02,
  author = {S.Y. Chao and P.T. Shaw},
  title = {A numerical investigation of slanted convection and subsurface
     anticyclone generation in an {Arctic} baroclinic current system},
  journal = {JOURNAL OF GEOPHYSICAL RESEARCH-OCEANS},
  volume = {107},
  pages = {},
  year = {2002},
  entrydate = {2003/10/22},
  abstract = {},
}

@Article{sirven02,
  author = {J. Sirven and C. Frankignoul and D. de Coetlogon and V.
     Taillandier},
  title = {Spectrum of wind-driven baroclinic fluctuations of the ocean
     in the midlatitudes},
  journal = {JOURNAL OF PHYSICAL OCEANOGRAPHY},
  volume = {32},
  pages = {2405--2417},
  year = {2002},
  entrydate = {2003/10/22},
  abstract = {},
}

@Article{zhang02,
  author = {R. Zhang and M. Follows and J. Marshall},
  title = {Mechanisms of thermohaline mode switching with application to
     warm equable climates},
  journal = {JOURNAL OF CLIMATE},
  volume = {15},
  pages = {2056--2072},
  year = {2002},
  entrydate = {2003/10/22},
  abstract = {},
}

@Article{brostrom02,
  author = {G. Brostrom},
  title = {On advection and diffusion of plankton in coarse resolution
     ocean models},
  journal = {JOURNAL OF MARINE SYSTEMS},
  volume = {35},
  pages = {99--110},
  year = {2002},
  entrydate = {2003/10/22},
  abstract = {},
}

@Article{lee02,
  author = {T. Lee and I. Fukumori and D. Menemenlis and Z.F. Xing and
     L.L. Fu},
  title = {Effects of the {Indonesian} {Throughflow} on the {Pacific} and
     {Indian} oceans},
  journal = {JOURNAL OF PHYSICAL OCEANOGRAPHY},
  volume = {32},
  pages = {1404--1429},
  year = {2002},
  entrydate = {2003/10/22},
  abstract = {},
}

@Article{grabowski02,
  author = {W.W. Grabowski and P.K. Smolarkiewicz},
  title = {A multiscale anelastic model for meteorological research},
  journal = {MONTHLY WEATHER REVIEW},
  volume = {130},
  pages = {939--956},
  year = {2002},
  entrydate = {2003/10/22},
  abstract = {},
}

@Article{chao02,
  author = {S.Y. Chao and P.T. Shaw},
  title = {Nonhydrostatic aspects of coastal upwelling meanders and
     filaments off eastern ocean boundaries},
  journal = {TELLUS SERIES A-DYNAMIC METEOROLOGY AND OCEANOGRAPHY},
  volume = {54},
  pages = {63--75},
  year = {2002},
  entrydate = {2003/10/22},
  abstract = {},
}

@Article{herbaut02,
  author = {C. Herbaut and J. Marshall},
  title = {Mechanisms of buoyancy transport through mixed layers and
     statistical signatures from isobaric floats},
  journal = {JOURNAL OF PHYSICAL OCEANOGRAPHY},
  volume = {32},
  pages = {545--557},
  year = {2002},
  entrydate = {2003/10/22},
  abstract = {},
}

@Article{marshall02,
  author = {J. Marshall and H. Jones and R. Karsten and R. Wardle},
  title = {Can eddies set ocean stratification?},
  journal = {JOURNAL OF PHYSICAL OCEANOGRAPHY},
  volume = {32},
  pages = {26--38},
  year = {2002},
  entrydate = {2003/10/22},
  abstract = {},
}

@Article{meier02,
  author = {H.E.M. Meier and T. Faxen},
  title = {Performance analysis of a multiprocessor coupled ice-ocean
     model for the {Baltic} Sea},
  journal = {JOURNAL OF ATMOSPHERIC AND OCEANIC TECHNOLOGY},
  volume = {19},
  pages = {114--124},
  year = {2002},
  entrydate = {2003/10/22},
  abstract = {},
}

@Article{herbaut01,
  author = {C. Herbaut and J. Sirven and A. Czaja},
  title = {An idealized model study of the mass and heat transports
     between the subpolar and subtropical gyres},
  journal = {JOURNAL OF PHYSICAL OCEANOGRAPHY},
  volume = {31},
  pages = {2903--2916},
  year = {2001},
  entrydate = {2003/10/22},
  abstract = {},
}

@Article{kase01,
  author = {R.H. Kase and A. Biastoch and D.B. Stammer},
  title = {On the {Mid-Depth} {Circulation} in the {Labrador} and
     {Irminger} Seas},
  journal = {GEOPHYSICAL RESEARCH LETTERS},
  volume = {28},
  pages = {3433--3436},
  year = {2001},
  entrydate = {2003/10/22},
  abstract = {},
}

@Article{zhang01,
  author = {R. Zhang and M.J. Follows and J.P. Grotzinger and J. Marshall},
  title = {Could the {Late} {Permian} deep ocean have been anoxic?},
  journal = {PALEOCEANOGRAPHY},
  volume = {16},
  pages = {317--329},
  year = {2001},
  entrydate = {2003/10/22},
  abstract = {},
}

@Article{griffies01,
  author = {S.M. Griffies and R.C. Pacanowski and M. Schmidt and V. Balaji},
  title = {Tracer conservation with an explicit free surface method for
     z-coordinate ocean models},
  journal = {MONTHLY WEATHER REVIEW},
  volume = {129},
  pages = {1081--1098},
  year = {2001},
  entrydate = {2003/10/22},
  abstract = {},
}

@Article{adcroft01,
  author = {A. Adcroft and J.R. Scott and J. Marotzke},
  title = {Impact of geothermal heating on the global ocean circulation},
  journal = {GEOPHYSICAL RESEARCH LETTERS},
  volume = {28},
  pages = {1735--1738},
  year = {2001},
  entrydate = {2003/10/22},
  abstract = {},
}

@Article{marshall01,
  author = {J. Marshall and D. Jamous and J. Nilsson},
  title = {Entry, flux, and exit of potential vorticity in ocean
     circulation},
  journal = {JOURNAL OF PHYSICAL OCEANOGRAPHY},
  volume = {31},
  pages = {777--789},
  year = {2001},
  entrydate = {2003/10/22},
  abstract = {},
}

@Article{mahadevan01,
  author = {A. Mahadevan},
  title = {An analysis of bomb radiocarbon trends in the Pacific},
  journal = {MARINE CHEMISTRY},
  volume = {73},
  pages = {273--290},
  year = {2001},
  entrydate = {2003/10/22},
  abstract = {},
}

@Article{smolarkiewicz01,
  author = {P.K. Smolarkiewicz and L.G. Margolin and A.A. Wyszogrodzki},
  title = {A class of nonhydrostatic global models},
  journal = {JOURNAL OF THE ATMOSPHERIC SCIENCES},
  volume = {58},
  pages = {349--364},
  year = {2001},
  entrydate = {2003/10/22},
  abstract = {},
}

@Article{brostrom00,
  author = {G. Brostrom},
  title = {The role of the annual cycles for the air-sea exchange of CO2},
  journal = {MARINE CHEMISTRY},
  volume = {72},
  pages = {151--169},
  year = {2000},
  entrydate = {2003/10/22},
  abstract = {},
}

@Article{zhou00,
  author = {Y.H. Zhou and H.Q. Wu and N.H. Yu and D.W. Zheng},
  title = {Excitation of seasonal polar motion by atmospheric and oceanic
     angular momentums},
  journal = {PROGRESS IN NATURAL SCIENCE},
  volume = {10},
  pages = {931--936},
  year = {2000},
  entrydate = {2003/10/22},
  abstract = {},
}

@Article{wardle00,
  author = {R. Wardle and J. Marshall},
  title = {Representation of eddies in primitive equation models by a
     {PV} flux},
  journal = {JOURNAL OF PHYSICAL OCEANOGRAPHY},
  volume = {30},
  pages = {2481--2503},
  year = {2000},
  entrydate = {2003/10/22},
  abstract = {},
}

@Article{polito00,
  author = {P.S. Polito and O.T. Sato and W.T. Liu},
  title = {Characterization and validation of the heat storage
     variability from {TOPEX/Poseidon} at four oceanographic sites},
  journal = {JOURNAL OF GEOPHYSICAL RESEARCH-OCEANS},
  volume = {105},
  pages = {16911--16921},
  year = {2000},
  entrydate = {2003/10/22},
  abstract = {},
}

@Article{ponte00,
  author = {R.M. Ponte and D. Stammer},
  title = {Global and regional axial ocean angular momentum signals and
     length-of-day variations (1985-1996)},
  journal = {JOURNAL OF GEOPHYSICAL RESEARCH-OCEANS},
  volume = {105},
  pages = {17161--17171},
  year = {2000},
  entrydate = {2003/10/22},
  abstract = {},
}

@Article{wunsch00,
  author = {J. Wunsch},
  title = {Oceanic influence on the annual polar motion},
  journal = {JOURNAL OF GEODYNAMICS},
  volume = {30},
  pages = {389--399},
  year = {2000},
  entrydate = {2003/10/22},
  abstract = {},
}

@Article{menemenlis00,
  author = {D. Menemenlis and M. Chechelnitsky},
  title = {Error estimates for an ocean general circulation model from
     altimeter and acoustic tomography data},
  journal = {MONTHLY WEATHER REVIEW},
  volume = {128},
  pages = {763--778},
  year = {2000},
  entrydate = {2003/10/22},
  abstract = {},
}

@Article{zhou00,
  author = {Y.H. Zhou and D.W. Zheng and N.H. Yu and H.Q. Wu},
  title = {Excitation of annual polar motion by atmosphere and ocean},
  journal = {CHINESE SCIENCE BULLETIN},
  volume = {45},
  pages = {139--142},
  year = {2000},
  entrydate = {2003/10/22},
  abstract = {},
}

@Article{molemaker00,
  author = {M.J. Molemaker and H.A. Dijkstra},
  title = {Stability of a cold core eddy in the presence of convection:
     {Hydrostatic} versus nonhydrostatic modeling},
  journal = {JOURNAL OF PHYSICAL OCEANOGRAPHY},
  volume = {30},
  pages = {475--494},
  year = {2000},
  entrydate = {2003/10/22},
  abstract = {},
}

@Article{marotzke99,
  author = {J. Marotzke and R. Giering and K.Q. Zhang and D. Stammer and
     C. Hill and T. Lee},
  title = {Construction of the adjoint {MIT} ocean general circulation
     model and application to {Atlantic} heat transport sensitivity},
  journal = {JOURNAL OF GEOPHYSICAL RESEARCH-OCEANS},
  volume = {104},
  pages = {29529--29547},
  year = {1999},
  entrydate = {2003/10/22},
  abstract = {},
}

@Article{ponte99,
  author = {R.M. Ponte and D. Stammer},
  title = {Role of ocean currents and bottom pressure variability on
     seasonal polar motion},
  journal = {JOURNAL OF GEOPHYSICAL RESEARCH-OCEANS},
  volume = {104},
  pages = {23393--23409},
  year = {1999},
  entrydate = {2003/10/22},
  abstract = {},
}

@Article{nastula99,
  author = {J. Nastula and R.M. Ponte},
  title = {Further evidence for oceanic excitation of polar motion},
  journal = {GEOPHYSICAL JOURNAL INTERNATIONAL},
  volume = {139},
  pages = {123--130},
  year = {1999},
  entrydate = {2003/10/22},
  abstract = {},
}

@Article{umlauf99,
  author = {L. Umlauf and Y. Wang and K. Hutter},
  title = {Comparing two topography-following primitive equation models
     for lake circulation},
  journal = {JOURNAL OF COMPUTATIONAL PHYSICS},
  volume = {153},
  pages = {638--659},
  year = {1999},
  entrydate = {2003/10/22},
  abstract = {},
}

@Article{zhang99,
  author = {K.Q. Zhang and J. Marotzke},
  title = {The importance of open-boundary estimation for an {Indian}
     {Ocean} {GCM-data} synthesis},
  journal = {JOURNAL OF MARINE RESEARCH},
  volume = {57},
  pages = {305--334},
  year = {1999},
  entrydate = {2003/10/22},
  abstract = {},
}

@Article{marshall99,
  author = {J. Marshall and D. Jamous and J. Nilsson},
  title = {Reconciling thermodynamic and dynamic methods of computation
     of water-mass transformation rates},
  journal = {DEEP-SEA RESEARCH PART I-OCEANOGRAPHIC RESEARCH PAPERS},
  volume = {46},
  pages = {545--572},
  year = {1999},
  entrydate = {2003/10/22},
  abstract = {},
}

@Article{marshall99,
  author = {J. Marshall and F. Schott},
  title = {Open-ocean convection: {Observations,} theory, and models},
  journal = {REVIEWS OF GEOPHYSICS},
  volume = {37},
  pages = {1--64},
  year = {1999},
  entrydate = {2003/10/22},
  abstract = {},
}

@Article{sheng98,
  author = {J.Y. Sheng and D.G. Wright and R.J. Greatbatch and D.E.
     Dietrich},
  title = {CANDIE: {A} new version of the {DieCAST} ocean circulation
     model},
  journal = {JOURNAL OF ATMOSPHERIC AND OCEANIC TECHNOLOGY},
  volume = {15},
  pages = {1414--1432},
  year = {1998},
  entrydate = {2003/10/22},
  abstract = {},
}

@Article{marshall98,
  author = {J. Marshall and H. Jones and C. Hill},
  title = {Efficient ocean modeling using non-hydrostatic algorithms},
  journal = {JOURNAL OF MARINE SYSTEMS},
  volume = {18},
  pages = {115--134},
  year = {1998},
  entrydate = {2003/10/22},
  abstract = {},
}

@Article{baggeroer98,
  author = {A.B. Baggeroer and T.G. Birdsall and C. Clark and J.A. Colosi
     and B.D. Cornuelle and D. Costa and B.D. Dushaw and M. Dzieciuch and
     A.M.G. Forbes and C. Hill and B.M. Howe and J. Marshall and D.
     Menemenlis and J.A. Mercer and K. Metzger and W. Munk and R.C.
     Spindel and D. Stammer and P.F. Worcester and C. Wunsch},
  title = {Ocean climate change: {Comparison} of acoustic tomography,
     satellite altimetry, and modeling},
  journal = {SCIENCE},
  volume = {281},
  pages = {1327--1332},
  year = {1998},
  entrydate = {2003/10/22},
  abstract = {},
}

@Article{wunsch98,
  author = {C. Wunsch and D. Stammer},
  title = {Satellite altimetry, the marine geoid, and the oceanic general
     circulation},
  journal = {ANNUAL REVIEW OF EARTH AND PLANETARY SCIENCES},
  volume = {26},
  pages = {219--253},
  year = {1998},
  entrydate = {2003/10/22},
  abstract = {},
}

@Article{shaw98,
  author = {A. Shaw and Arvind and K.C. Cho and C. Hill and R.P. Johnson
     and J. Marshall},
  title = {A comparison of implicitly parallel multithreaded and
     data-parallel implementations of an ocean model},
  journal = {JOURNAL OF PARALLEL AND DISTRIBUTED COMPUTING},
  volume = {48},
  pages = {1--51},
  year = {1998},
  entrydate = {2003/10/22},
  abstract = {},
}

@Article{haine98,
  author = {T.W.N. Haine and J. Marshall},
  title = {Gravitational, symmetric, and baroclinic instability of the
     ocean mixed layer},
  journal = {JOURNAL OF PHYSICAL OCEANOGRAPHY},
  volume = {28},
  pages = {634--658},
  year = {1998},
  entrydate = {2003/10/22},
  abstract = {},
}

@Article{ponte98,
  author = {R.M. Ponte and D. Stammer and J. Marshall},
  title = {Oceanic signals in observed motions of the {Earth's} pole of
     rotation},
  journal = {NATURE},
  volume = {391},
  pages = {476--479},
  year = {1998},
  entrydate = {2003/10/22},
  abstract = {},
}

@Article{menemenlis97,
  author = {D. Menemenlis and C. Wunsch},
  title = {Linearization of an oceanic general circulation model for data
     assimilation and climate studies},
  journal = {JOURNAL OF ATMOSPHERIC AND OCEANIC TECHNOLOGY},
  volume = {14},
  pages = {1420--1443},
  year = {1997},
  entrydate = {2003/10/22},
  abstract = {},
}

@Article{jones97,
  author = {H. Jones and J. Marshall},
  title = {Restratification after deep convection},
  journal = {JOURNAL OF PHYSICAL OCEANOGRAPHY},
  volume = {27},
  pages = {2276--2287},
  year = {1997},
  entrydate = {2003/10/22},
  abstract = {},
}

@Article{jayne97,
  author = {S.R. Jayne and R. Tokmakian},
  title = {Forcing and sampling of ocean general circulation models:
     {Impact} of high-frequency motions},
  journal = {JOURNAL OF PHYSICAL OCEANOGRAPHY},
  volume = {27},
  pages = {1173--1179},
  year = {1997},
  entrydate = {2003/10/22},
  abstract = {},
}

