@string{DAO  = " Dyn. Atmos. Oceans"}
@string{JAOT = "J. Ocean. Atmos. Tech."}
@string{JAS = "J. Atmos. Sci."}
@string{JCP = "J. Comp. Phys."}
@string{JFM = "J. Fluid. Mech."}
@string{JGR = "J. Geophys. Res."}
@string{JPO = "J. Phys. Oceanogr."}
@string{MWR = "Mon. Wea. Rev."}
@string{JMR = "J. Marine Res."}
@string{JMS = "J. Marine Systems"}
@string{QJRMS = "Quart. J. R. Meteorol. Soc."}
@STRING{jtech = "Journal of Atmospheric and Oceanic Technology"}
